<record><leader>00000cas a2200000I  4500</leader><controlfield tag="001">8085478</controlfield><controlfield tag="008">820122d18491851vaumr n       0    0eng d</controlfield><datafield ind1=" " ind2=" " tag="010"><subfield code="a">sn 94060167 </subfield></datafield><datafield ind1=" " ind2=" " tag="040"><subfield code="a">VIC</subfield><subfield code="b">eng</subfield><subfield code="c">VIC</subfield><subfield code="d">NVK</subfield><subfield code="d">DLC</subfield><subfield code="d">OCL</subfield><subfield code="d">OCLCQ</subfield><subfield code="d">OCLCF</subfield><subfield code="d">OCLCO</subfield></datafield><datafield ind1=" " ind2=" " tag="043"><subfield code="a">n-us-va</subfield></datafield><datafield ind1=" " ind2=" " tag="090"><subfield code="a">BV2520.A1</subfield><subfield code="b">C61</subfield></datafield><datafield ind1="0" ind2=" " tag="130"><subfield code="a">Commission (Richmond, Va : 1849)</subfield></datafield><datafield ind1="1" ind2="4" tag="245"><subfield code="a">The Commission.</subfield></datafield><datafield ind1=" " ind2=" " tag="260"><subfield code="a">Richmond [Va. :</subfield><subfield code="b">Southern Baptist Convention],</subfield></datafield><datafield ind1=" " ind2=" " tag="310"><subfield code="a">Monthly</subfield></datafield><datafield ind1="0" ind2=" " tag="362"><subfield code="a">Vol. 1, no. 1 (Jan. 15, 1849)-</subfield></datafield><datafield ind1=" " ind2=" " tag="500"><subfield code="a">Edited by J.B. Taylor.</subfield></datafield><datafield ind1=" " ind2=" " tag="550"><subfield code="a">Published by the Board of Foreign Missions of the Southern Baptist Convention.</subfield></datafield><datafield ind1=" " ind2="0" tag="650"><subfield code="a">Baptists</subfield><subfield code="x">Missions</subfield><subfield code="v">Newspapers.</subfield></datafield><datafield ind1=" " ind2="0" tag="651"><subfield code="a">Richmond (Va.)</subfield><subfield code="v">Newspapers.</subfield></datafield><datafield ind1="2" ind2="0" tag="610"><subfield code="a">Southern Baptist Convention.</subfield></datafield><datafield ind1=" " ind2="7" tag="655"><subfield code="a">Newspapers.</subfield><subfield code="2">fast</subfield><subfield code="0">(OCoLC)fst01423814</subfield></datafield><datafield ind1="2" ind2="7" tag="610"><subfield code="a">Southern Baptist Convention.</subfield><subfield code="2">fast</subfield><subfield code="0">(OCoLC)fst00540277</subfield></datafield><datafield ind1=" " ind2="7" tag="650"><subfield code="a">Baptists</subfield><subfield code="x">Missions.</subfield><subfield code="2">fast</subfield><subfield code="0">(OCoLC)fst00827324</subfield></datafield><datafield ind1=" " ind2="7" tag="651"><subfield code="a">Virginia</subfield><subfield code="z">Richmond.</subfield><subfield code="2">fast</subfield><subfield code="0">(OCoLC)fst01205345</subfield></datafield><datafield ind1="1" ind2=" " tag="700"><subfield code="a">Taylor, James Barnett,</subfield><subfield code="d">1804-1871.</subfield></datafield><datafield ind1="2" ind2=" " tag="710"><subfield code="a">Southern Baptist Convention.</subfield><subfield code="b">Foreign Mission Board.</subfield></datafield><datafield ind1=" " ind2=" " tag="752"><subfield code="a">United States</subfield><subfield code="b">Virginia</subfield><subfield code="d">Richmond.</subfield></datafield><datafield ind1="0" ind2="2" tag="785"><subfield code="t">Home and foreign journal</subfield><subfield code="w">(OCoLC)19822804</subfield></datafield></record>